% This file was created with JabRef 2.6.
% Encoding: Cp1252

% Required fields: title, year.
% Optional fields: editor, volume/number, series, address, month, organization, publisher, note.

@techreport{MCAllan,
    author  = "Hamish Allan and Daniel Mullensuefen and Geraint Wiggins",
    title   = "Methodological Considerations in Studies of Musical Similarity",
    year    = "2007",
  institution = "Austrian Computer Society"
}

@techreport{PAMPReynolds,
    author  = "Gordon Reynolds and Dan Barry and Ted Burke and Eugene Coyle",
    title   = "Towards a Personal Automatic Music Playlist Generation Algorithm: The Need for Contextual Information",
    year    = "2007",
  institution = "The Audio Research Group, School of Electrical Engineering Systems"
}

@techreport{FGPauws,
    author  = "Steffen Pauws and Wim Verhaegh and Mark Vossen",
    title   = "Fast Generation of Optimal Music Playlist using Local Seach",
    year    = "2006",
  institution = "Philips Research Europe"
}

@techreport{ISRagno,
    author  = "R. Ragno and C.J.C Burges and C. Herley",
    title   = "Inferring Similarity Between Music Objects with Application to Playlist Generation",
    year    = "2005",
  institution = "Microsoft Research"
}

@techreport{APGPauws,
    author  = "Steffen Pauws and Berry Eggen",
    title   = "PATS: Realization and User Evaluation of an Automatic Playlist Generator",
    year    = "2002",
  institution = "Philips Research Eindhoven"
}

@techreport{SCPMCunningham,
    author  = "Sally Jo Cunningham and David Bainbridge and Anette Falconer",
    title   = "'More of an Art than a Science': Supporting the Creation of Playlists and Mixes",
    year    = "2006",
  institution = "University of Victoria"
}

@techreport{RSFoote,
    author  = "Jonathan Foote and Matthew Cooper and Unjung Nam",
    title   = "Audio Retrieval by Rhythmic Similarity",
    year    = "2002",
  institution = "Centre Pompidou"
}

@techreport{GCAnglade,
    author  = "Amélie Anglade and Rafael Ramirez and Simon Dixon",
    title   = "Genre Classification Using Harmony Rules Induced from Automatic Chord Transcriptions",
    year    = "2009",
  institution = "International Society for Music Information Retrieval"
}

@techreport{FOAnglade,
    author  = "Amélie Anglade and Rafael Ramirez and Simon Dixon",
    title   = "First-Order Logic Classification Models of Musical Genres Based on Harmony",
    year    = "2009",
  institution = "Sound and Music Computing"
}

@techreport{CBLogan,
    author  = "Beth Logan",
    title   = "Content-Based Playlist Generation: Exploratory Experiments",
    year    = "2002",
  institution = "Hewlett-Packard Labs"
}

@techreport{SPGPampalk,
    author  = "Elias Pampalk and Martin Gasser",
    title   = "An Implementation of a Simple Playlist Generator Based on Audio Similarity Measures and User Feedback",
    year    = "2006",
  institution = "University of Victoria"
}

@techreport{DPGPampalk,
    author  = "Elias Pampalk and Tim Pohle and Gerhard Widmer",
    title   = "Dynamic Playlist Generation Based on Skipping Behavior",
    year    = "2005",
  institution = "Queen Mary, University of London"
}



@techreport{FULLTEXT01.pdf,
    author  = "Carina Ihlström and Maria Åkesson and Stig Nordqvist",
    title   = "From Print to Web to E-Paper - the Challenge of Designing the E-Newspaper",
    year    = "2004",
  institution = "Halmstad University"
}
@techreport{kristin_fredrik.pdf,
    author  = "Fredrik Ovesson and Kristin Wikström",
    title   = "From Visions to Specification - Using user designed mock-ups for envisioning user requirements for the future e-newspaper",
    year    = "2005",
  institution = "Halmstad University"
}
@techreport{hcii2005_1004.pdf,
    author  = "Maria Åkesson and Carina Ihlström and Jesper Svensson",
    title   = "How would you like your e-newspaper? – converging the best from two worlds",
    year    = "2005",
  institution = "Halmstad University"
}
@techreport{10-1-1-19-5583,
  author  = "Yousef Abuzir and Fernand Vandamme",
  title   = "E-Newspaper Classification and Distribution Based on User Profiles and Thesaurus",
  year    = "2002",
  institution = "University of Ghent"
}
@techreport{fulltext.pdf,
    author  = "Alberto Díaz and Pablo Gervs",
    title   = "Personalisation in news delivery systems: Item summarization and multi-tier item selection using relevance feedback",
    year    = "2005",
  institution = "Universidad Complutense Madrid"
}
@techreport{Personalizing-your-electronic-newspaper.pdf,
    author  = "Vicente Luque Centeno and M$^\text{\underline{a}}$\ Carmen Fernández Panadero and Carlos Delgado Kloos and Andrés Marín López and Carlos García Rubio",
    title   = "Personalizing Your Electronic Newspaper",
    year    = "1999",
  institution = "Universidad Carlos III de Madrid"
}
@techreport{gervasum2001ws.pdf,
  author  = "Manuel de Buenaga Rodríguez and Manuel J. Maña López and Alberto Díaz Esteban and Pablo Gervás Gómez-Navarro",
  title   = "A User Model Based on Content Analysis for the Intelligent Personalization of a News Service",
  year    = "2004",
  institution = "Halmstad University"
}
@techreport{21172_ftp.pdf,
  author  = "Bracha Shapira and Peretz Shoval and Noam Tractinsky and Joachim Meyer",
  title   = "ePaper : A Personalized Mobile Newspaper",
  institution = "Ben-Gurion University of the Negev",
  year    = "2009"
}
@techreport{Estebanetal.pdf,
  author  = "Alberto Díaz Esteban and Manuel J. Maña López and Manuel de Buenaga Rodríguez and Jose María Gómez Hidalgo and Pablo Gervás Gómez-Navarro",
  title   = "Using linear classifiers in the integration of user modeling and text content analysis in the personalization
of a Web-based Spanish News Service",
  institution = "Universidad Europea de Madrid, Universidad de Vigo and Universidad Complutense de Madrid, Spain",
  year = "2001"
}
@incollection{Evaluating-a-User-Model-Based-Personalisation-Architecture-for-Digital-News-Services.pdf,
   author = {Esteban, Alberto and Gómez-Navarro, Pablo and Jiménez, Antonio},
   affiliation = {Universidad Europea-CEES Departamento de Inteligencia Artificial, Escuela Superior de Informática Villaviciosa de Odón Spain},
   title = {Evaluating a User-Model Based Personalisation Architecture for Digital News Services},
   booktitle = {Research and Advanced Technology for Digital Libraries},
   publisher={Springer},
   pages = {259-268},
   year = {2000}
}
@article{Sections-categories-and-keywords-as-interest-specification-tools-for-personalised-news-services.pdf,
    author = {Alberto Diaz and Pablo Gervas and Antonio Garcia and Inmaculada Chacon},
    title = {Sections, Categories and Keywords as Interest Specification Tools for Personalised News Services},
    journal = {Online Information Review, OIR},
    year = {2001}
}
@article{User-Modeling-for-Adaptive-News-Access.pdf,
   author = {Billsus, Daniel and Pazzani, Michael J.},
   affiliation = {Dept. of Information and Computer Science University of California Irvine CA USA},
   title = {User Modeling for Adaptive News Access},
   journal={User modeling and user-adapted interaction},
   pages = {147-180},
   year = {2000}
}

@techreport{00953970.pdf,
  author  = "Fei Liu and Yupin Luo and Masataka Yoshikawaf Dongcheng Hu",
  title   = "A New Component based Algorithm for Newspaper Layout Analysis",
  institution = "Tsinghua University, Beijing",
  year    = "2001"
}
@techreport{10.1.1.45.5230.pdf,
  author  = "Mark Claypool and Anuja Gokhale and Tim Miranda and Pavel Murnikov and Dmitry Netes and Matthew Sartin",
  title   = "Combining Content-Based and Collaborate Filters in an Online Newspaper",
  institution = "Worchester Polytechnic Institute, Massachusetts",
  year    = "1999"
}
@techreport{Constraint-Satisfaction-Methods-for-Information-Personalization.pdf,
  author  = "Syed Sibte Raza Abidi and Yong Han Chong",
  title   = "Constraint Satisfaction Methods for Information Personalization",
  institution = "Dalhousie University, Canada and Universiti Sains Malaysia, Malaysia",
  year    = "2004"
}
@techreport{EditorsDilemma,
  author  = "Jack B. Haskins",
  title   = "The Editorial Mix: One Solution to a Magazine Editor's Dilemma",
  year    = "1965",
  institution = "Journalism \& Mass Communication Quarterly"
}
@techreport{BleiTopics,
  author  = "David M. Blei",
  title   = "Introduction to Probabilistic Topic Models",
  year    = "2011",
  institution = "Princeton University"
}
@article{BushMemex,
    author = {Bush, Vannevar},
    title = {As We May Think},
    year = {1945},
    journal = {The Atlantic Monthly},
}
@incollection {DataMiningMobasher,
   author = {Bamshad Mobasher},
   affiliation = {DePaul University, Chicago},
   title = {Data Mining for Web Personalization},
   booktitle = {The Adaptive Web},
   series = {Lecture Notes in Computer Science},
   publisher = {Springer Berlin / Heidelberg},
   pages = {90-135},
   year = {2007}
}
@article {116262780379.pdf,
   author = {Bouras, Christos and Tsogkas, Vassilis},
   affiliation = {Computer Engineering and Informatics Department, University of Patras, Greece},
   title = {W-kmeans: Clustering News Articles Using WordNet},
   publisher = {Springer Berlin / Heidelberg},
   journal={Knowledge-Based and Intelligent Information and Engineering Systems},
   pages = {379-388},
   year = {2010}
}
@article{perkowitz-Adaptive-Web-Sites,
 author = {Perkowitz, Mike and Etzioni, Oren},
 title = {Adaptive Web sites},
 journal = {Commun. ACM},
 year = {2000},
 pages = {152--158},
} 
@article{WebMiningMulvenna,
 author = {Mulvenna, Maurice D. and Anand, Sarabjot S. and B\"{u}chner, Alex G.},
 title = {Personalization on the Net using Web mining: introduction},
 year = {2000},
 pages = {122--125},
 address = {New York, NY, USA},
}
@techreport{MagdaliniWebMining,
  author  = "Magdalini Eirinaki and Michalis Vazirgiannis",
  title   = "Web Mining for Web Personalization",
  institution = "Athens University of Economics and Business",
  year    = "2003"
}
@manual{DCMI,
  title = {Dublin Core Metadata Element Set, Version 1.1},
  organization = {Dublin Core Metadata Initiative},
  year = {2012}
}

@misc{NielsenWeb,
  author  = "Jakob Nielsen",
  title   = "Reading on the Web",
  howpublished = "\url{http://www.useit.com/alertbox/9710a.html}",
  year    = "1997"
}
@misc{NielsenTest,
  author  = "Jakob Nielsen",
  title   = "How Many Test Users in a Usability Study?",
  howpublished = "\url{http://www.useit.com/alertbox/number-of-test-users.html}",
  year    = "2012"
}
@misc{NielsenOnlineReading,
  author    = "Jakob Nielsen",
  title     = "Top 10 Mistakes in Web Design",
  howpublished = "\url{http://www.useit.com/alertbox/9605.html}",
  year     = "2011"
}


% Required fields: author, title, school, year.
% Optional fields: type, address, month, note.

@mastersthesis{LSVossen,
  author = "M.P.H. Vossen",
  title = "Local Search for Automatic Playlist Generation",
  school = "Technische Universiteit Eindhoven",
  year = "2005"
}

% Required fields: author/editor, title, publisher, year.
% Optional fields: volume/number, series, address, edition, month, note.

@book{GTNielsen,
    author  = "Frank Nielsen",
    title   = "Grafteori - algoritmer og netværk",
    year    = "1995",
    publisher = "Matematisk Institut, DTU"
}

@book{AIRussell,
  author  = "Stuart Russell and Peter Norvig",
  title   = "Artificial Intelligence: A Mordern Approah",
  edition = "2nd",
  publisher = "Prentice Hall",
  year    = "2003",
  pages   = "137--158"
}
@book{CPApt,
    author  = "Krzysztof R. Apt",
    title   = "Principles of Constraint Programming",
    year    = "2006",
    publisher = "Cambrige University Press"
}
@book{Tidwell,
  title={Designing Interfaces},
  author={Tidwell, J.},
  year={2010},
  edition={Second},
  publisher={O'Reilly Media, Inc.}
}
@book{NLTK,
 author = {Bird, Steven and Klein, Ewan and Loper, Edward},
 title = {Natural Language Processing with Python},
 year = {2009},
 publisher = {O'Reilly Media, Inc.},
}
@techreport{lunoe,
  title={A Logical Approach to Comparison of Music},
  author={Lun{\o}e, M.},
  year={2010},
  institution={Department of Information Technology Technical University of Denmark}
}

@book{kress1999reading,
  title={Reading images},
  author={Kress, G. and others},
  year={1999},
  publisher={Routledge}
}
@article{holsanova2006entry,
  title={Entry points and reading paths on newspaper spreads: comparing a semiotic analysis with eye-tracking measurements},
  author={Holsanova, J. and Rahm, H. and Holmqvist, K.},
  journal={Visual communication},
  pages={65--93},
  year={2006},
  publisher={SAGE Publications}
}
@book{genette1997paratexts,
  title={Paratexts: Thresholds of interpretation},
  author={Genette, G.},
  year={1997},
  publisher={Cambridge Univ Pr}
}
@article{holmqvist2003reading,
  title={Reading or scanning? A study of newspaper and net paper reading},
  author={Holmqvist, K. and Holsanova, J. and Barthelson, M. and Lundqvist, D.},
  journal={Mind},
  volume={2},
  number={3},
  pages={4},
  year={2003}
}
@inproceedings{ihlstrom2004genre,
  title={Genre characteristics-a front page analysis of 85 swedish online newspapers},
  author={Ihlstrom, C. and Akesson, M.},
  booktitle={System Sciences, 2004. Proceedings of the 37th Annual Hawaii International Conference on},
  pages={10--pp},
  year={2004},
  organization={IEEE}
}

@techreport{SpacialNilsson,
  author  = "Jørgen Fischer Nilsson and Hele-Mai Haav",
  title   = "Inducing queries from examples as concept formation",
  institution = "Department of Information Technology Technical University of Denmark",
  year    = "1998"
}
@techreport{SpacialLogicNilsson,
  author  = "Jørgen Fischer Nilsson",
  title   = "A Conceptual Space Logic",
  institution = "Department of Information Technology Technical University of Denmark",
  year    = "1999"
}
@techreport{LloydDeclarative,
  author  = "JW Lloyd",
  title   = "Practical Advantages of Declarative Programming",
  institution = "University of Bristol",
  year    = "1994"
}
@techreport{KowalskiAlgo,
  author  = "Robert Kowalski",
  title   = "Algorithm = Logic + Control",
  institution = "Imperial College, London",
  year    = "1994"
}
@techreport{RomanCP,
  author  = "Roman Barták",
  title   = "Constraint Programming: In Pursuit of the Holy Grail",
  institution = "Charles University, Department of Theoretical Computer Science",
  year    = "1999"
}

@misc{Eurostat,
  title     = "Eurostat",
  key = "Eurostat",
  year     = "2012",
  howpublished = "\url{http://epp.eurostat.ec.europa.eu/tgm/table.do?tab=table&init=1&language=en&pcode=tin00097&plugin=0}"
}

@misc{GoogleReadability,
  title     = "Better Web Readability Project",
  year     = "2012",
  howpublished = "\url{http://code.google.com/p/better-web-readability-project/}"
}

@misc{Readability,
  title     = "Readability API",
  key = "Readability API",
  year     = "2012",
  howpublished = "\url{http://www.readability.com/developers/api}"
}

@misc{colorschemedesigner.com,
  author    = "Petr Stanicek",
  title     = "Color Scheme Designer",
  year     = "2010",
  note     = "v3.51"
}